<record><leader>00000cas a22000007a 4500</leader><controlfield tag="001">12391673</controlfield><controlfield tag="008">850816d19601960ohudn ne      0    0eng  </controlfield><controlfield tag="009">466</controlfield><datafield ind1=" " ind2=" " tag="010"><subfield code="a">sn 85042422 </subfield></datafield><datafield ind1=" " ind2=" " tag="040"><subfield code="a">DLC</subfield><subfield code="b">eng</subfield><subfield code="c">DLC</subfield><subfield code="d">ONP</subfield><subfield code="d">OCLCQ</subfield></datafield><datafield ind1="1" ind2=" " tag="029"><subfield code="a">AU@</subfield><subfield code="b">000020386703</subfield></datafield><datafield ind1=" " ind2=" " tag="042"><subfield code="a">msc</subfield></datafield><datafield ind1="0" ind2="0" tag="050"><subfield code="a">Newspaper</subfield></datafield><datafield ind1="0" ind2="4" tag="245"><subfield code="a">The Cleveland press and Cleveland news.</subfield></datafield><datafield ind1="1" ind2="7" tag="246"><subfield code="a">Cleveland press</subfield></datafield><datafield ind1=" " ind2=" " tag="260"><subfield code="a">Cleveland, [Ohio] :</subfield><subfield code="b">Scripps-Howard,</subfield><subfield code="c">1960.</subfield></datafield><datafield ind1=" " ind2=" " tag="300"><subfield code="a">v.</subfield></datafield><datafield ind1=" " ind2=" " tag="310"><subfield code="a">Daily (except Sun.)</subfield></datafield><datafield ind1="0" ind2=" " tag="362"><subfield code="a">No. 25817 (Jan. 25, 1960)-no. 25828 (Feb. 6, 1960).</subfield></datafield><datafield ind1=" " ind2="4" tag="651"><subfield code="a">Cleveland (Ohio)</subfield><subfield code="v">Newspapers.</subfield></datafield><datafield ind1=" " ind2="4" tag="651"><subfield code="a">Cuyahoga County (Ohio)</subfield><subfield code="v">Newspapers.</subfield></datafield><datafield ind1=" " ind2=" " tag="752"><subfield code="a">United States</subfield><subfield code="b">Ohio</subfield><subfield code="c">Cuyahoga</subfield><subfield code="d">Cleveland.</subfield></datafield><datafield ind1="0" ind2="4" tag="780"><subfield code="t">Cleveland press (Cleveland, Ohio : 1889)</subfield><subfield code="w">(DLC)sn 83035109</subfield></datafield><datafield ind1="0" ind2="4" tag="780"><subfield code="t">Cleveland news (Cleveland, Ohio)</subfield><subfield code="w">(DLC)sn 83035104</subfield></datafield><datafield ind1="0" ind2="0" tag="785"><subfield code="t">Cleveland press and news</subfield><subfield code="w">(DLC)sn 83035110</subfield></datafield></record>